
@misc{szocs_webchem:_2016,
	title = {webchem: webchem v0.1.0},
	shorttitle = {webchem},
	url = {http://zenodo.org/record/46930},
	urldate = {2016-07-15},
	author = {Sz√∂cs, Eduard},
	month = mar,
	year = {2016},
	note = {DOI: 10.5281/zenodo.46930}
}